@book{Bruegge2004software,
	Author = {Bernd Bruegge and Allen H. Dutoit},
	Date-Added = {2008-03-31 01:50:24 +0200},
	Date-Modified = {2010-04-04 19:44:56 +0200},
	Edition = {2nd Edition},
	Keywords = {tmp},
	Publisher = {Prentice Hall},
	Title = {Object-Oriented Software Engineering Using UML, Patterns and Java},
	Year = {2004}}